@TechReport{dft:2008,
  author = 	 {{UK Department for Transport}},
  title = 	 {{Investigation into the scope for the transport sector to switch to electric vehicles and plug-in hybrid vehicles}},
  year = 	 {2008},
  month = 	 {October}
}

@TechReport{postevs:2010,
  author = 	 {{Parliamentary Office of Science and Technology}},
  title = 	 {{Electric Vehicles}},
  number = 	 {Report 365},
  year = 	 {2010},
  month = 	 {October}
}